@article{Dror,
    title = {Vehicle Routing With Split Deliveries},
    journal = {Discrete Applied Mathematics},
    volume = {50},
    number = {3},
    pages = {239-254},
    year = {1994},
    issn = {0166-218X},
    doi = {https://doi.org/10.1016/0166-218X(92)00172-I},
    url = {https://www.sciencedirect.com/science/article/pii/0166218X9200172I},
    author = {Moshe Dror and Gilbert Laporte and Pierre Trudeau}
}

@online{Balam2022,
    author = {Balam},
    date = {2022},
    title = {El Marco de Plantación},
    subtitle = {Qué es y Tipos},
    organization = {Balam Agriculture},
    url = {https://balam.es/el-marco-de-plantacion/},
    addendum = {Retrieved 18/5/2024}
}

@online{Anonimo1,
    author = {{Tips y Temas Agronómicos}},
    date = {2016},
    title = {Siembra en triangulo o en Tresbolillo},
    organization = {Tips y Temas Agronómicos},
    url = {https://www.tipsytemasagronomicos.com/siembra-en-triangulo-o-en-tresbolillo/},
    addendum = {Retrieved 18/5/2024}
}

@online{Iglesias,
    author = {Iglesias, Luis},
    date = {2021},
    title = {Siembra a tresbolillo},
    url = {https://matematicas11235813.luismiglesias.es/2021/06/05/siembra-a-tresbolillo-competencia-matematica-geometria-plana-aplicada-en-huertos-y-jardines-dia-mundial-del-medio-ambiente/},
    addendum = {Retrieved 18/5/2024}
}

@online{Carbo,
    author = {Carbo, Armando},
    date = {1978},
    title = {Marqueo de planteaciones},
    subtitle = {Tresbolillo},
    organization = {Hojas Divulgadoras},
    url = {https://www.mapa.gob.es/ministerio/pags/biblioteca/hojas/hd_1978_21.pdf},
    addendum = {Retrieved 18/5/2024}
}

@online{Guerrero2018,
    author = {Guerrero, Franco Armando},
    date = {2018},
    title = {Fórmula para plantaciones en tres bolillos},
    organization = {Youtube},
    organization = {Agricultura y Agronomía},
    url = {https://www.youtube.com/watch?v=NCNM0Yc7D3c&t=310s},
    addendum = {Retrieved 18/5/2024}
}

@online{Lifeder,
    author = {Lifeder},
    date = {2020},
    title = {Altiplanicie mexicana: características, flora, fauna, relieve},
    subtitle = {Flora de la altiplanicie mexicana},
    url = {https://www.lifeder.com/altiplanicie-mexicana/},
    addendum = {Retrieved 18/5/2024}
}

@online{refForestal,
    author = {{Comisi{\'o}n Nacional Forestal}},
    date = {2022},
    title = {{Se Reduce en 26\% la Tasa Anual de Deforestaci{\'o}n}},
    url = {https://www.gob.mx/conafor/prensa/se-reduce-en-26-la-tasa-anual-de-deforestacion},
    addendum = {Retrieved 18/5/2024}
}

@online{Hernández,
    author = {Hernández, Fernando},
    date = {2011},
    title = {El Altiplano Mexicano o Altiplanicie Mexicana},
    subtitle = {Flora Fauna del Altiplano Mexicano},
    organization = {Expresiones Veterinarias},
    url = {https://www.expresionesveterinarias.com/2011/11/el-altiplano-mexicano-o-altiplanicie.html},
    addendum = {Retrieved 18/5/2024}
}

@online{Anonimo3,
    author = {{Gobierno de Yucatán}},
    title = {Ceiba},
    organization = {Gobierno del Estado de Yucatán},
    url = {https://www.yucatan.gob.mx/?p=ceiba},
    addendum = {Retrieved 18/5/2024}
}

@online{Masats,
    author = {Masats, Julian},
    date = {2022},
    title = {Características del Pino},
    organization = {Botanical Online},
    url = {https://www.botanical-online.com/botanica/pino-caracteristicas},
    addendum = {Retrieved 18/5/2024}
}

@online{Anonimo4,
    author = {SEMARNAT},
    date = {2018},
    title = {Oyamel de Juárez, especie endémica y en peligro de extinción},
    organization = {Gobierno de México},
    url = {https://www.gob.mx/semarnat/articulos/oyamel-de-juarez-especie-endemica-y-en-peligro-de-extincion?idiom=es},
    addendum = {Retrieved 18/5/2024}
}

@online{Aquae,
    author = {Aquae},
    date = {2023},
    title = {La encina, el árbol más popular del Quijote},
    organization = {Aquae Fundación: La Fundación de Agua},
    url = {https://www.fundacionaquae.org/wiki/encina/},
    addendum = {Retrieved 18/5/2024}
}

@online{Anónimo5,
    author = {{Múltiples autores}},
    date = {2024},
    title = {Mezquite},
    organization = {Wikipedia},
    url = {https://es.wikipedia.org/wiki/Mezquite},
    addendum = {Retrieved 18/5/2024}
}

@online{Larraín2021,
    title = {Ruteo de Vehículos 2.1},
    subtitle = {Formulación del VRP},
    date = {2021},
    organization = {YouTube},
    author = {Larraín, Homero},
    url = {https://youtu.be/q2fUDDJMbpg?feature=shared},
    addendum = {Retrieved 18/5/2024}
}

@mastersthesis{Sarmiento2014,
    title={Estudio del Problema de Ruteo de Veh{\'\i}culos con Balance de Carga: Aplicaci{\'o}n de la Meta-heur{\'\i}stica B{\'u}squeda Tab{\'u}.},
    author={Sarmiento, Ang{\'e}lica},
    year={2014},
    school = {Universidad de la Sabana},
    url = {https://intellectum.unisabana.edu.co/bitstream/handle/10818/9798/Ang%C3%A9lica%20Sarmiento%20Lepesqueur%20%28TESIS%29.pdf},
    addendum = {Retrieved 18/5/2024}
}

@article{florez2017,
    title={Una aplicaci{\'o}n del m{\'e}todo MTZ a la soluci{\'o}n del problema del agente viajero},
    author={Fl{\'o}rez, Jairo Alberto Villegas and Grisales, Carlos Julio Zapata and Gatica, Gustavo},
    journal={Scientia et technica},
    volume={22},
    number={4},
    pages={341--344},
    year={2017},
    publisher={Universidad Tecnol{\'o}gica de Pereira},
    url = {https://www.redalyc.org/pdf/849/84955649006.pdf}
}

@book{Toth2002,
    title={The Vehicle Routing Problem},
    author={Toth, Paolo and Vigo, Daniele},
    year={2002},
    publisher={SIAM},
    addendum = {ISBN: 0-89871-579-2}
}

@online{García2010,
    title = {El Problema de Ruteo de Vehículos},
    author = {García, Irma},
    date = {2010},
    organization = {Universidad Autónoma de Coahuila},
    url = {http://tikhonov.fciencias.unam.mx/presentaciones/2010ago05.pdf}
}

@online{WRI2023,
    title = {Boletín de prensa: Afectan al 84\% de México la deforestación y degradación ambiental, revela encuesta},
    author = {{World Resources Institute}},
    date = {2023},
    organization = {World Resources Institute},
    url = {https://es.wri.org/noticias/boletin-de-prensa-afectan-al-84-de-mexico-la-deforestacion-y-degradacion-ambiental-revela},
    addendum = {Retrieved 23/02/2025}
}

@article{Balinski1964,
    title={On an Integer Program for a Delivery Problem},
    author={Balinski, Michel L and Quandt, Richard E},
    journal={Operations research},
    volume={12},
    number={2},
    pages={300--304},
    year={1964},
    publisher={INFORMS}
}

@article{Nurprihatin2021,
   abstract = {The increase in rice consumption should be balanced with an increase in rice production. However, although the national rice production was declared a surplus, the volume of national rice imports also increased. The imports in 2018 were 2.2 million tons and showed that surplus rice production is not effectively taken as an advantage in overcoming the deficit in some provinces in Indonesia. Some provinces that experiencing surplus should be able to fill the shortage in the other provinces. This paper contributes to determine distribution routes and help the government to fulfill the shortage demand. This study uses the two-steps linear programming method. The first step is performed by the transportation model and followed by the Capacitated Vehicle Routing Problem (CVRP) model in sequence. This two-step linear programming reaches an optimal global solution in distributing goods from oversupply provinces to the over-demand one. The results show cost savings are gained if this strategy is performed to meet the demand, rather than importing the rice.},
   author = {Filscha Nurprihatin and Tasya Regina and Glisina Dwinoor Rembulan},
   doi = {10.1088/1742-6596/1811/1/012010},
   issn = {1742-6588},
   journal = {Journal of Physics: Conference Series},
   month = {3},
   pages = {012010},
   title = {Optimizing rice distribution routes in Indonesia using a two-step linear programming considering logistics costs},
   volume = {1811},
   url = {https://iopscience.iop.org/article/10.1088/1742-6596/1811/1/012010},
   year = {2021},
}

@article{Feillet2014,
   abstract = {In this article, we address a problem of the transportation of people with disabilities where customers are served on an almost daily basis and expect some consistency in the service. We introduce an original model for the time-consistency of the service, based on so-called time-classes. We then define a new multiday vehicle routing problem (VRP) that we call the Time-Consistent VRP. We address the solution of this new problem with a large neighborhood search heuristic. Each iteration of the heuristic requires solving a complex VRP with multiple time windows and no waiting time which we tackle with a heuristic branch-and-price method. Computational tests are conducted on benchmark sets and modified real-life instances. Results demonstrate the efficiency of the method and highlight the impact of time-consistency on travel costs. ? 2014 Wiley Periodicals, Inc. NETWORKS, Vol. 63(3), 211-224 2014},
   author = {Dominique Feillet and Thierry Garaix and Fabien Lehuédé and Olivier Péton and Dominique Quadri},
   doi = {https://doi.org/10.1002/net.21538},
   issn = {0028-3045},
   journal = {Networks},
   keywords = {consistent vehicle routing problem,heuristic branch-and-price,multiple time windows,transportation of people with disabilities},
   month = {5},
   pages = {211-224},
   publisher = {John Wiley & Sons, Ltd},
   title = {A new consistent vehicle routing problem for the transportation of people with disabilities},
   volume = {63},
   url = {https://doi.org/10.1002/net.21538},
   year = {2014},
}

@inproceedings{Khan2014,
   author = {Muztoba Ahmad Khan},
   booktitle = {International conference on mechanical, industrial and energy engineering},
   pages = {1-5},
   publisher = {Khulna, Bangladesh},
   title = {Transportation cost optimization using linear programming},
   year = {2014},
}

@article{VRPReforestation,
title = {Routing model applied to forest inventory vehicles planning},
journal = {Computers and Electronics in Agriculture},
volume = {175},
pages = {105544},
year = {2020},
issn = {0168-1699},
doi = {https://doi.org/10.1016/j.compag.2020.105544},
url = {https://www.sciencedirect.com/science/article/pii/S0168169919316254},
author = {Cristiane {Coutinho Meneguzzi} and Gilson {Fernandes da Silva} {et. al}}
}